@article{Ikeda,
    author  = {K Ikeda and M Mizuno},
    title   = "Frustrated Instabilities in NonLinear Optical Resonators",
    year    = "1984",
    journal = "Rev. Lett.",
    volume  = "53",
    number  = "14",
    pages   = "1340--1343",
}

@book{Sch,
    author  = "M. R. Schroeder ",
    title   = "Number Theory in Science and Communication",
    publisher = "Springer-Verlag",
    year = "1984",
    note = "Berlin",
}

@book{Olds,
    author  = "C. D. Olds",
    title   = "Continued fractions",
    publisher = "Random House",
    year = "1963",
    note = "Toronto",
}

@Article{chaos,
  author =       "R. M. Corless",
  title =        "Continued Fractions and Chaos",
  journal =      "The American Mathematical Monthly",
  volume =       "99",
  number =       "3",
  pages =        "203--215",
  year =         "1992",
  DOI =          "https://doi.org/10.2307/2325053"
} 

@book{Freud,
    author = "Freud, Sigmund",
    title = "The interpretation of dreams",
    publisher = "Avon",
    year = "1900",
    note = "1965 ed.",
}

@book{Portugues,
    author = {Lorenzo Diaz and Danielle de Rezende Jorge}, 
    title = {Uma Introdução aos Sistemas Dinâmicos via Frações Contínuas},
    publisher = {Publicações Matemáticas},
    year = {2007},
    note = {IMPA},
}

@book{Viana,
  author    = {Krerley Oliveira and Marcelo Viana},
  title     = {Fundamentos da Teoria Ergódica},
  year      = {2005},
  address   = {Rio de Janeiro, Brasil},
}

@book{Coppel,
  title     = {Dynamics in One Dimension},
  publisher = {Springer-Verlag Berlin Heidelberg},
  year      = {1992},
  author    = {Louis Stuart Block and William Andrew Coppel},
  address   = {Germany},
}

@book{Devaney1989,
  title     = {An Introduction to Chaotic Dynamical Systems},
  publisher = {Addison-Wesley Publishing Company},
  year      = {1989},
  author    = {Robert L. Devaney},
  address   = {United States},
}

@article{TYJY1975,
  author    = {Tien-Yien Li and James A. Yorke},
  title     = {Period Three Implies Chaos},
  journal   = {The American Mathematical Monthly},
  year      = {1975},
  volume    = {82},
  number    = {10},
  pages     = {985-992},
}